:20:STMT000001
:25:BE68539007547034/EUR
:28C:00001/001
:60F:C260429EUR10000,00
:61:260429260429C100,00NMSCREF000001NONREF
:86:Payment for services rendered
:61:260429260429D150,00NMSCREF000002NONREF
:86:Utility bill payment
:61:260429260429C200,00NMSCREF000003NONREF
:86:Salary credit
:62F:C260429EUR10150,00
